
@article{drogovoz_exploratory_2019,
	title = {Exploratory data analysis of national indicators referred to scientific and technological development and to economic growth},
	volume = {2171},
	issn = {0094-243X},
	url = {https://aip.scitation.org/doi/abs/10.1063/1.5133223},
	doi = {10.1063/1.5133223},
	number = {1},
	urldate = {2021-03-01},
	journal = {AIP Conference Proceedings},
	author = {Drogovoz, P. and Yusufova, O. and Kashevarova, N. and Shiboldenkov, V.},
	month = nov,
	year = {2019},
	pages = {080003},
}

@article{drogovoz_approach_2021,
	title = {An approach to the integration-balanced management of industrial complexes development in the space industry},
	volume = {2318},
	issn = {0094-243X},
	url = {https://aip.scitation.org/doi/abs/10.1063/5.0038711},
	doi = {10.1063/5.0038711},
	number = {1},
	urldate = {2021-03-01},
	journal = {AIP Conference Proceedings},
	author = {Drogovoz, Pavel Anatolyevich and Filobokova, Lyudmila Yuryevna and Drobkova, Oxana Sergeevna},
	month = feb,
	year = {2021},
	pages = {070008},
}
