@misc{cad,
    title           = {Волков В. Я., Мясоедова Н. В. Решение позиционных задач средствами компьютерной графики // ОНВ. 2006. №2 (35). (дата обращения: 11.08.2021).},
    howpublished    = "\url{https://cyberleninka.ru/article/n/reshenie-pozitsionnyh-zadach-sredstvami-kompyuternoy-grafiki}",
}

@misc{optics,
    title           = {Доморацкий Е.П., Байбикова Т.Н. О формализации понятий и терминологии при анализе изображений объектов // Вестник МФЮА. 2013. №4. (дата обращения: 11.08.2021).},
    howpublished    = "\url{https://cyberleninka.ru/article/n/o-formalizatsii-ponyatiy-i-terminologii-pri-analize-izobrazheniy-obektov}",
}

@misc{polygon-net,
    title           = {Colin Smith, On Vertex-Vertex Meshes and Their Use in Geometric and Biological Modeling [Электронный ресурс] // algorithmic botany. (Дата обращения: 13.08.2021)},
    howpublished    = "\url{http://algorithmicbotany.org/papers/smithco.dis2006.pdf.}",
}

@mics{voxel,
    title           = {Симонов Евгений Николаевич, Аврамов Денис Витальевич, Аврамов Максим Витальевич Метод объемного рендеринга для визуализации трехмерных данных в рентгеновской компьютерной томографии // Вестник ЮУрГУ. Серия: Компьютерные технологии, управление, радиоэлектроника. 2016. №4. (дата обращения: 14.08.2021).},
    howpublished    = {https://cyberleninka.ru/article/n/metod-obemnogo-renderinga-dlya-vizualizatsii-trehmernyh-dannyh-v-rentgenovskoy-kompyuternoy-tomografii},
}

@misc{popov,
  title        = {Попов Андрей Сергеевич Обзор методов реалистичной визуализации и постановка задачи исследования // Радиоэлектроника и информатика. 2006. №4. (дата обращения: 17.12.2021).},
  howpublished = "\url{https://cyberleninka.ru/article/n/obzor-metodov-realistichnoy-vizualizatsii-i-postanovka-zadachi-issledovaniya}",
}

@book{ray-tracing,
  author         = {Arthur Appel},
  title          = {Some Techniques for Shading
Machine Renderings of Solid},
  publisher      = {SJCC},
  year           = {1968, P. 27--45},
}

@book{radiocity,
  author         = {Cindy M. Goral, Kenneth E. Torrance, Donald P. Greenberg and Bennett Battaile},
  title          = {Modeling the Interaction
of Light Between Diffuse Surfaces},
  publisher      = {Proceedings of ACM
SIGGRAPH},
  year           = {1984, P. 213--222},
}

@misc{c++,
  title        = {C++ Standard},
  note         = {(дата обращения: 24.11.2021)},
  howpublished = "\url{https://isocpp.org/}",
}

@misc{qt,
	title 		 = {One framework. One codebase. Any platform.},
	note 		 = {(дата обращения: 24.11.2021)},
	howpublished = "\url{https://www.qt.io/}",
}

@misc{clion,
	title		 = {Clion -- кросс-платформенная IDE для C и C++},
	note		 = {(дата обращения: 24.11.2021)},
	howpublished = "\url{https://www.jetbrains.com/ru-ru/clion/}",
}

@misc{cmake,
    title        = {Build automation in CMake},
    note         = {(дата обращения: 24.11.2021)},
    howpublished = "\url{https://cmake.org/}",
}

@misc{pop,
	title           = {Pop!\_OS},
	note            = {(дата обращения: 01.12.2021)},
	howpublished    = "\url{https://pop.system76.com/}"
}
