@misc{intro,
	title		= {Волков В. Я., Мясоедова Н. В. Решение позиционных задач средствами компьютерной графики // ОНВ. 2006. №2 (35).},
	note		= {(дата обращения: 19.08.2021).},
	url			= {https://cyberleninka.ru/article/n/reshenie-pozitsionnyh-zadach-sredstvami-kompyuternoy-grafiki}
}

@misc{net-model,
  author       = {Bruce G. Baumgart},
  title        = {Winged-Edge Polyhedron Representation for Computer Vision},
  note         = {(дата обращения: 21.08.2021)},
  url          = {https://people.cs.clemson.edu/~dhouse/courses/405/papers/p589-baumgart.pdf},
  year         = {1975},
}
